<?xml version="1.0" encoding="UTF-8"?><collection xmlns="http://www.loc.gov/MARC21/slim"><record><leader>00770nam--2200193-i-4500</leader><controlfield tag="001">000038395</controlfield><controlfield tag="002">20161230</controlfield><controlfield tag="005">20161230201041</controlfield><controlfield tag="008">060222s1000------------r-----000-0-eng-d</controlfield><datafield ind1=" " ind2=" " tag="040"><subfield code="a">IFIN-HH</subfield></datafield><datafield ind1=" " ind2=" " tag="080"><subfield code="a">534</subfield></datafield><datafield ind1="1" ind2=" " tag="110"><subfield code="a">Societa Italiana Di Fisica</subfield></datafield><datafield ind1="1" ind2="0" tag="245"><subfield code="a">Rendiconti della scuola internazionale di fisica enrico fermi. corso xxvii: disoersione ed assorbimento del suono nei processi moleculari. dispersion and absorption of sound by molecular processes. varenna sul lago di como villa monastero 6-18 agosto 1962</subfield><subfield code="c">D. sette</subfield></datafield><datafield ind1=" " ind2=" " tag="260"><subfield code="a">New York</subfield><subfield code="b">Academic Press</subfield><subfield code="c">1963</subfield></datafield><datafield ind1=" " ind2=" " tag="300"><subfield code="a">XI+443P</subfield></datafield><datafield ind1=" " ind2=" " tag="490"><subfield code="a">Proccedings Of The International School Of Physics Enrico Fermi Course Xxvii</subfield></datafield><datafield ind1="1" ind2=" " tag="700"><subfield code="a">Sette, D</subfield></datafield><datafield ind1=" " ind2=" " tag="852"><subfield code="a">1874</subfield><subfield code="c">53</subfield></datafield><datafield ind1=" " ind2=" " tag="CAT"><subfield code="a">Sys</subfield><subfield code="c">20150106</subfield><subfield code="h">143348</subfield></datafield></record></collection>